@ARTICLE{dxr_toolkit,
  author={Sicat, Ronell and Li, Jiabao and Choi, Junyoung and Cordeil, Maxime and Jeong, Won-Ki and Bach, Benjamin and Pfister, Hanspeter},
  journal={IEEE Transactions on Visualization and Computer Graphics}, 
  title={DXR: A Toolkit for Building Immersive Data Visualizations}, 
  year={2019},
  volume={25},
  number={1},
  pages={715-725},
  doi={10.1109/TVCG.2018.2865152}
}

@ARTICLE{uplift_prototype,
  author={Ens, Barrett and Goodwin, Sarah and Prouzeau, Arnaud and Anderson, Fraser and Wang, Florence Y. and Gratzl, Samuel and Lucarelli, Zac and Moyle, Brendan and Smiley, Jim and Dwyer, Tim},
  journal={IEEE Transactions on Visualization and Computer Graphics}, 
  title={Uplift: A Tangible and Immersive Tabletop System for Casual Collaborative Visual Analytics}, 
  year={2021},
  volume={27},
  number={2},
  pages={1193-1203},
  doi={10.1109/TVCG.2020.3030334}
}

@inproceedings{iatk_toolkit,
  title={IATK: An Immersive Analytics Toolkit},
  author={Cordeil, Maxime and Cunningham, Andrew and Bach, Benjamin and Hurter, Christophe and Thomas, Bruce H and Marriott, Kim and Dwyer, Tim},
  booktitle={2019 IEEE Conference on Virtual Reality and 3D User Interfaces (VR)},
  pages={200--209},
  year={2019},
  organization={IEEE}
}

@ARTICLE{vria_framework,
  author={P. W. S. {Butcher} and N. W. {John} and P. D. {Ritsos}},
  journal={IEEE Transactions on Visualization and Computer Graphics},
  title={VRIA: A Web-based Framework for Creating Immersive Analytics Experiences},
  year={2020},
  volume={},
  number={},
  pages={1-1},
}

@ARTICLE{ragrug_toolkit,
  author={Fleck, Philipp and Calepso, Aimée Sousa and Hubenschmid, Sebastian and Sedlmair, Michael and Schmalstieg, Dieter},
  journal={IEEE Transactions on Visualization and Computer Graphics}, 
  title={RagRug: A Toolkit for Situated Analytics}, 
  year={2023},
  volume={29},
  number={7},
  pages={3281-3297},
  doi={10.1109/TVCG.2022.3157058}
}


@INPROCEEDINGS{hybridaxes_tool,
  author={Seraji, Mohammad Rajabi and Stuerzlinger, Wolfgang},
  booktitle={2022 IEEE International Symposium on Mixed and Augmented Reality Adjunct (ISMAR-Adjunct)}, 
  title={HybridAxes: An Immersive Analytics Tool With Interoperability Between 2D and Immersive Reality Modes}, 
  year={2022},
  volume={},
  number={},
  pages={155-160},
  doi={10.1109/ISMAR-Adjunct57072.2022.00036}
}

@ARTICLE{survey_of_ia,
  author={Fonnet, Adrien and Prié, Yannick},
  journal={IEEE Transactions on Visualization and Computer Graphics}, 
  title={Survey of Immersive Analytics}, 
  year={2021},
  volume={27},
  number={3},
  pages={2101-2122},
  doi={10.1109/TVCG.2019.2929033}
}

@ARTICLE{tap_vs_word_gesture_keyboards,
  author={Kern, Florian and Niebling, Florian and Latoschik, Marc Erich},
  journal={IEEE Transactions on Visualization and Computer Graphics}, 
  title={Text Input for Non-Stationary XR Workspaces: Investigating Tap and Word-Gesture Keyboards in Virtual and Augmented Reality}, 
  year={2023},
  volume={29},
  number={5},
  pages={2658-2669},
  doi={10.1109/TVCG.2023.3247098}
}

@INPROCEEDINGS{physical_text_entry_comparison,
  author={Arif, Ahmed Sabbir and Stuerzlinger, Wolfgang},
  booktitle={2009 IEEE Toronto International Conference Science and Technology for Humanity (TIC-STH)}, 
  title={Analysis of text entry performance metrics}, 
  year={2009},
  volume={},
  number={},
  pages={100-105},
  keywords={Performance analysis;Measurement;Error correction;Keyboards;Data mining;Error analysis;Handheld computers;Thumb;Computer science;Humans;text entry;text entry metrics;error correction;human factors;input devices, strategies and methods},
  doi={10.1109/TIC-STH.2009.5444533}
}

@ARTICLE{d3_js,
  author={Bostock, Michael and Ogievetsky, Vadim and Heer, Jeffrey},
  journal={IEEE Transactions on Visualization and Computer Graphics}, 
  title={D³ Data-Driven Documents}, 
  year={2011},
  volume={17},
  number={12},
  pages={2301-2309},
  keywords={Data visualization;Cascading style sheets;Image color analysis;Debugging;Information analysis;Information visualization;user interfaces;toolkits;2D graphics.},
  doi={10.1109/TVCG.2011.185}
}



@INPROCEEDINGS{9974396,
  author={Seraji, Mohammad Rajabi and Stuerzlinger, Wolfgang},
  booktitle={2022 IEEE International Symposium on Mixed and Augmented Reality Adjunct (ISMAR-Adjunct)}, 
  title={XVCollab: An Immersive Analytics Tool for Asymmetric Collaboration across the Virtuality Spectrum}, 
  year={2022},
  volume={},
  number={},
  pages={146-154},
  doi={10.1109/ISMAR-Adjunct57072.2022.00035}
}


// Suggests a combination of speech recognition and gestures to author visualizations.
Seems interesting but haven't read the full paper yet.
@ARTICLE{wizualization_toolkit,
  author={Batch, Andrea and Butcher, Peter W. S. and Ritsos, Panagiotis D. and Elmqvist, Niklas},
  journal={IEEE Transactions on Visualization and Computer Graphics}, 
  title={Wizualization: A “Hard Magic” Visualization System for Immersive and Ubiquitous Analytics}, 
  year={2023},
  volume={},
  number={},
  pages={1-11},
  doi={10.1109/TVCG.2023.3326580}
}

// Proposes a collaborative, IA tool built in Unity3D and argues that it is universally accessible and easy-to-use.
// Proposes and easy-to-use collaborative IA framework build on top of DXR which itself is built on top of the Unity3D game engine.
// Unimpressive results. Provides little customization and is vendor locked (uses 3rd party provider for muliplayer client-server library)
@InProceedings{10.1007/978-3-030-77961-0_50,
  author="Garrido, Daniel
  and Jacob, Jo{\~a}o
  and Silva, Daniel Castro",
  editor="Paszynski, Maciej
  and Kranzlm{\"u}ller, Dieter
  and Krzhizhanovskaya, Valeria V.
  and Dongarra, Jack J.
  and Sloot, Peter M. A.",
  title="Building a Prototype for Easy to Use Collaborative Immersive Analytics",
  booktitle="Computational Science -- ICCS 2021",
  year="2021",
  publisher="Springer International Publishing",
  address="Cham",
  pages="628--641",
  isbn="978-3-030-77961-0"
}

// In-place (not remote) collaboration
@ARTICLE{fiesta_prototype,
  author={Lee, Benjamin and Hu, Xiaoyun and Cordeil, Maxime and Prouzeau, Arnaud and Jenny, Bernhard and Dwyer, Tim},
  journal={IEEE Transactions on Visualization and Computer Graphics}, 
  title={Shared Surfaces and Spaces: Collaborative Data Visualisation in a Co-located Immersive Environment}, 
  year={2021},
  volume={27},
  number={2},
  pages={1171-1181},
  doi={10.1109/TVCG.2020.3030450}
}

// Remote collaboration - case study: GeoSpatial data (since I like geospatial stuff, I couldn't resist to include this...)
@INPROCEEDINGS{8943760,
  author={Mahmood, Tahir and Fulmer, Willis and Mungoli, Neelesh and Huang, Jian and Lu, Aidong},
  booktitle={2019 IEEE International Symposium on Mixed and Augmented Reality (ISMAR)}, 
  title={Improving Information Sharing and Collaborative Analysis for Remote GeoSpatial Visualization Using Mixed Reality}, 
  year={2019},
  volume={},
  number={},
  pages={236-247},
  doi={10.1109/ISMAR.2019.00021}
}



// 3D spatial selection techniques (targetting particle data but potentially applicable to other domains...)
@ARTICLE{10292508,
  author={Zhao, Lixiang and Isenberg, Tobias and Xie, Fuqi and Liang, Hai-Ning and Yu, Lingyun},
  journal={IEEE Transactions on Visualization and Computer Graphics}, 
  title={MeTACAST: Target- and Context-aware Spatial Selection in VR}, 
  year={2023},
  volume={},
  number={},
  pages={1-11},
  doi={10.1109/TVCG.2023.3326517}
}

// AR and VR for macroeconomics data visualization. What do participants actually report?
@ARTICLE{8820171,
  author={Batch, Andrea and Cunningham, Andrew and Cordeil, Maxime and Elmqvist, Niklas and Dwyer, Tim and Thomas, Bruce H. and Marriott, Kim},
  journal={IEEE Transactions on Visualization and Computer Graphics}, 
  title={There Is No Spoon: Evaluating Performance, Space Use, and Presence with Expert Domain Users in Immersive Analytics}, 
  year={2020},
  volume={26},
  number={1},
  pages={536-546},
  doi={10.1109/TVCG.2019.2934803}
}

// Inherent 3D data visualization using immersive analytics; Badminton tactics
// Maybe interesting as it may provide insights into why IA might be better than conventioned 3D projections into 2D displays...
@ARTICLE{9557225,
  author={Chu, Xiangtong and Xie, Xiao and Ye, Shuainan and Lu, Haolin and Xiao, Hongguang and Yuan, Zeqing and Chen, Zhutian and Zhang, Hui and Wu, Yingcai},
  journal={IEEE Transactions on Visualization and Computer Graphics}, 
  title={TIVEE: Visual Exploration and Explanation of Badminton Tactics in Immersive Visualizations}, 
  year={2022},
  volume={28},
  number={1},
  pages={118-128},
  doi={10.1109/TVCG.2021.3114861}
}

// VR Navigation techniques
@INPROCEEDINGS{8533895,
  author={Drogemuller, Adam and Cunningham, Andrew and Walsh, James and Cordeil, Maxime and Ross, William and Thomas, Bruce},
  booktitle={2018 International Symposium on Big Data Visual and Immersive Analytics (BDVA)}, 
  title={Evaluating Navigation Techniques for 3D Graph Visualizations in Virtual Reality}, 
  year={2018},
  volume={},
  number={},
  pages={1-10},
  doi={10.1109/BDVA.2018.8533895}
}

// AR navigation techniques. Paper too short unfortunately...
@INPROCEEDINGS{10108859,
  author={Zhou, Xiaoyan},
  booktitle={2023 IEEE Conference on Virtual Reality and 3D User Interfaces Abstracts and Workshops (VRW)}, 
  title={Designing Navigation Tool for Immersive Analytics in AR}, 
  year={2023},
  volume={},
  number={},
  pages={975-976},
  doi={10.1109/VRW58643.2023.00330}
}

@ARTICLE{9223669,
  author={Reipschlager, Patrick and Flemisch, Tamara and Dachselt, Raimund},
  journal={IEEE Transactions on Visualization and Computer Graphics}, 
  title={Personal Augmented Reality for Information Visualization on Large Interactive Displays}, 
  year={2021},
  volume={27},
  number={2},
  pages={1182-1192},
  doi={10.1109/TVCG.2020.3030460}
}


@ARTICLE{9234650,
  author={Sereno, Mickael and Wang, Xiyao and Besançon, Lonni and McGuffin, Michael J. and Isenberg, Tobias},
  journal={IEEE Transactions on Visualization and Computer Graphics}, 
  title={Collaborative Work in Augmented Reality: A Survey}, 
  year={2022},
  volume={28},
  number={6},
  pages={2530-2549},
  doi={10.1109/TVCG.2020.3032761}
}

@ARTICLE{vega_lite,
  author={Satyanarayan, Arvind and Moritz, Dominik and Wongsuphasawat, Kanit and Heer, Jeffrey},
  journal={IEEE Transactions on Visualization and Computer Graphics}, 
  title={Vega-Lite: A Grammar of Interactive Graphics}, 
  year={2017},
  volume={23},
  number={1},
  pages={341-350},
  doi={10.1109/TVCG.2016.2599030}
}

@ARTICLE{interaction_infovis,
  author={Yi, Ji Soo and Kang, Youn ah and Stasko, John and Jacko, J.A.},
  journal={IEEE Transactions on Visualization and Computer Graphics}, 
  title={Toward a Deeper Understanding of the Role of Interaction in Information Visualization}, 
  year={2007},
  volume={13},
  number={6},
  pages={1224-1231},
  doi={10.1109/TVCG.2007.70515}
}

@INPROCEEDINGS{keyboard_vs_touchscreen,
  author={Grubert, Jens and Witzani, Lukas and Ofek, Eyal and Pahud, Michel and Kranz, Matthias and Kristensson, Per Ola},
  booktitle={2018 IEEE Conference on Virtual Reality and 3D User Interfaces (VR)}, 
  title={Text Entry in Immersive Head-Mounted Display-Based Virtual Reality Using Standard Keyboards}, 
  year={2018},
  volume={},
  number={},
  pages={159-166},
  keywords={Keyboards;Visualization;Electronic mail;Virtual reality;Error analysis;Performance evaluation;User interfaces;H.5.2: [User Interfaces - Input devices and strategies.]},
  doi={10.1109/VR.2018.8446059}
}

@article{limits_of_speech_recognition,
author = {Shneiderman, Ben},
year = {2001},
month = {01},
pages = {},
title = {The Limits of Speech Recognition},
volume = {43},
journal = {Communications of the ACM},
doi = {10.1145/348941.348990}
}

@online{dxr:repo,
  author = {Ronell Sicat},
  title = {DXR},
  url = {https://github.com/ronellsicat/DxR},
  urldate = {2024-02-04}
}

@online{mrtk:repo,
  author = {Mixed Reality Toolkit Organization},
  title = {Mixed Reality Toolkit for Unity},
  url = {https://github.com/MixedRealityToolkit/MixedRealityToolkit-Unity},
  urldate = {2024-02-04}
}





@misc{web:vision_pro_unity,
  author = {Apple},
  title = {Bring your Unity VR app to a fully immersive space},
  year = {2023},
  note = {Last accessed 03 December 2023},
  howpublished = {\url{https://developer.apple.com/videos/play/wwdc2023/10093/}}
}

@misc{unity:xr_packages,
  author = {Unity3D},
  title = {XR packages},
  year = {2023},
  note = {Last accessed 03 December 2023},
  howpublished = {\url{https://docs.unity3d.com/Manual/xr-support-packages.html}}
}

@online{unity:vuforia_plugin,
  author = {Vuforia},
  title = {Getting Started with Vuforia Engine in Unity},
  year = {2023},
  url = {https://developer.vuforia.com/library/getting-started/getting-started-vuforia-engine-unity},
  urldate = {2023-12-04}
}
